<record><leader>00000cas a22000007a 4500</leader><controlfield tag="001">9921953</controlfield><controlfield tag="008">830919c19579999wvucr ne      0   a0eng d</controlfield><datafield ind1=" " ind2=" " tag="010"><subfield code="a">sn 83004830 </subfield></datafield><datafield ind1=" " ind2=" " tag="040"><subfield code="a">NSD</subfield><subfield code="b">eng</subfield><subfield code="c">NSD</subfield><subfield code="d">WVC</subfield><subfield code="d">OCL</subfield><subfield code="d">OCLCQ</subfield></datafield><datafield ind1=" " ind2=" " tag="012"><subfield code="l">1</subfield><subfield code="m">1</subfield></datafield><datafield ind1="1" ind2=" " tag="022"><subfield code="a">0740-2651</subfield><subfield code="l">0740-2651</subfield><subfield code="2">1</subfield></datafield><datafield ind1="1" ind2=" " tag="029"><subfield code="a">AU@</subfield><subfield code="b">000025834932</subfield></datafield><datafield ind1=" " ind2=" " tag="032"><subfield code="a">362300</subfield><subfield code="b">USPS</subfield></datafield><datafield ind1=" " ind2=" " tag="037"><subfield code="b">The Moorefield Examiner and Hardy County News, 132 S. Main St., Moorefield, WV 26836</subfield></datafield><datafield ind1=" " ind2=" " tag="042"><subfield code="a">nsdp</subfield></datafield><datafield ind1=" " ind2="4" tag="222"><subfield code="a">The Moorefield examiner and Hardy County news</subfield></datafield><datafield ind1="0" ind2="4" tag="245"><subfield code="a">The Moorefield examiner and Hardy County news.</subfield></datafield><datafield ind1="1" ind2="0" tag="246"><subfield code="a">Moorefield examiner</subfield></datafield><datafield ind1=" " ind2=" " tag="250"><subfield code="a">Inter valley ed.</subfield></datafield><datafield ind1=" " ind2=" " tag="260"><subfield code="a">Moorefield, W. Va. :</subfield><subfield code="b">R.E. Fisher,</subfield><subfield code="c">1957-</subfield></datafield><datafield ind1=" " ind2=" " tag="310"><subfield code="a">Semiweekly,</subfield><subfield code="b">1977-</subfield></datafield><datafield ind1=" " ind2=" " tag="321"><subfield code="a">Weekly,</subfield><subfield code="b">1957-1977</subfield></datafield><datafield ind1="0" ind2=" " tag="362"><subfield code="a">Vol. 60, no. 12 (Mar. 20, 1957)-</subfield></datafield><datafield ind1=" " ind2=" " tag="752"><subfield code="a">United States</subfield><subfield code="b">West Virginia</subfield><subfield code="c">Hardy</subfield><subfield code="d">Moorefield.</subfield></datafield><datafield ind1="0" ind2="0" tag="780"><subfield code="t">Moorefield examiner</subfield><subfield code="w">(DLC)sn 85059694</subfield></datafield></record>